1241 1754
149 381 282 35 Sparsity-certifying
449 382 89 34 Graph
560 381 234 36 Decompositions

148 442 57 28 Ileana
216 442 97 28 Streinu*,
321 442 56 28 Louis
384 441 78 28 Theran2

172 487 103 24 Department
281 487 16 24 of
306 487 87 24 Computer
398 487 76 24 Science,
480 487 51 24 Smith
541 487 75 24 College,
620 487 128 24 Northampton,
752 488 42 24 MA.
799 488 64 24 e-mail:
868 488 128 24 streinuccs.
999 488 102 24 smith.edu

169 515 107 24 Department
280 515 17 24 of
306 515 87 24 Computer
398 515 78 24 Science,
480 515 90 24 University
580 515 16 24 of
603 515 127 24 Massachusetts
740 515 83 24 Amherst.
826 515 64 24 e-mail:
896 515 117 24 theranccs.
1014 516 70 24 umass.
1087 516 30 24 edu

150 625 90 25 Abstract.
252 625 26 25 We
285 625 74 25 describe
366 625 8 25 a
380 625 30 25 new
421 625 94 25 algorithm,
521 625 26 25 the
552 625 26 25 (k,
581 625 85 25 l)-pebble
674 625 45 25 game
729 625 34 25 with
772 625 64 25 colors,
838 624 30 25 and
876 624 28 25 use
910 624 12 25 it
928 624 14 25 to
951 624 53 25 obtain
1011 624 7 25 a
1027 624 66 25 charac-

146 652 83 25 terization
237 653 19 25 of
259 653 28 25 the
294 653 56 25 family
359 653 17 25 of
381 653 30 25 (k,
409 653 82 25 l)-sparse
499 653 60 25 graphs
565 653 30 25 and
601 652 104 25 algorithmic
710 652 83 25 solutions
797 652 15 25 to
822 652 7 25 a
836 652 56 25 family
901 652 17 25 of
923 651 85 25 problems
1014 651 77 25 concern-

146 681 27 25 ing
182 681 32 25 tree
224 681 142 26 decompositions
372 681 17 25 of
396 681 67 25 graphs.
469 680 67 25 Special
540 680 82 25 instances
632 680 17 25 of
655 681 54 25 sparse
719 681 59 25 graphs
786 681 61 25 appear
850 681 16 25 in
874 681 66 25 rigidity
947 681 58 25 theory
1013 681 30 25 and
1050 682 42 25 have

146 710 72 24 received
228 710 85 24 increased
321 710 75 24 attention
404 710 15 24 in
430 710 54 24 recent
491 710 57 24 years.
552 710 15 24 In
576 710 94 24 particular,
676 710 28 24 our
711 710 65 24 colored
786 710 68 24 pebbles
862 710 89 24 generalize
960 710 28 24 and
998 710 91 24 strengthen

146 738 26 24 the
180 738 75 24 previous
262 739 60 24 results
328 739 17 24 of
355 739 31 24 Lee
393 739 27 24 and
430 739 61 24 Streinu
501 739 38 24 [12]
546 739 29 24 and
585 739 35 24 give
627 739 9 24 a
644 739 29 24 new
687 739 47 24 proof
741 739 17 24 of
764 739 27 24 the
800 738 188 25 Tutte-Nash-Williams
998 737 95 25 characteri-

147 766 52 25 zation
207 766 18 25 of
232 766 94 25 arboricity.
331 766 26 25 We
363 766 34 25 also
404 766 67 25 present
476 766 7 25 a
490 766 29 25 new
531 766 130 25 decomposition
668 766 37 25 that
711 766 70 25 certifies
785 766 69 25 sparsity
862 766 48 25 based
917 766 20 25 on
944 766 28 25 the
979 765 26 25 (k,
1007 765 83 25 l)-pebble

147 795 48 25 game
203 795 38 25 with
253 795 62 25 colors.
323 795 33 25 Our
365 795 43 25 work
420 795 33 25 also
464 795 68 25 exposes
543 794 109 25 connections
658 794 73 25 between
742 794 59 25 pebble
812 794 48 25 game
870 794 96 25 algorithms
974 795 30 25 and
1014 795 77 25 previous

148 824 53 25 sparse
210 823 47 25 graph
268 823 94 25 algorithms
371 823 18 25 by
401 822 55 25 Gabow
469 822 34 25 [5],
510 822 55 25 Gabow
578 822 30 25 and
618 822 109 25 Westermann
733 822 30 25 [6]
768 822 30 25 and
806 822 112 25 Hendrickson
927 823 35 25 [9].

150 909 17 22 1.
174 909 131 22 Introduction
318 909 33 22 and
364 909 138 22 preliminaries

151 967 34 27 The
191 967 56 27 focus
254 967 22 27 of
279 967 37 27 this
327 967 56 27 paper
386 967 16 27 is
413 967 154 27 decompositions
576 967 18 27 of
605 967 28 27 (k,
636 967 88 27 l)-sparse
736 967 62 27 graphs
809 967 34 27 into
854 966 132 27 edge-disjoint
990 966 100 27 subgraphs

146 998 37 27 that
194 998 59 27 certify
264 997 87 27 sparsity.
358 997 30 27 We
397 997 30 27 use
440 997 58 27 graph
508 997 18 27 to
538 996 47 27 mean
598 996 8 27 a
620 996 114 27 multigraph,
743 996 78 27 possibly
833 996 41 27 with
886 996 63 27 loops.
956 996 30 27 We
994 996 32 27 say
1035 996 41 27 that
1082 997 8 27 a

150 1028 49 27 graph
210 1028 17 27 is
235 1028 31 27 (k,
268 1027 92 28 l)-sparse
367 1027 17 27 if
393 1027 22 27 no
426 1026 60 27 subset
496 1026 18 27 of
522 1026 20 27 n'
551 1026 75 27 vertices
633 1026 54 27 spans
695 1026 51 27 more
753 1026 41 27 than
803 1026 70 27 kn'—l
882 1026 55 27 edges
943 1026 19 27 in
971 1027 31 27 the
1010 1027 65 27 graph;
1082 1027 8 27 a

147 1058 29 27 (k,
178 1058 89 27 l)-sparse
276 1058 51 27 graph
336 1058 41 27 with
388 1057 65 27 kn'-l
462 1057 55 27 edges
522 1057 17 27 is
546 1057 29 27 (k,
577 1057 87 27 l)-tight.
672 1057 27 27 We
706 1057 37 27 call
749 1057 29 27 the
785 1057 53 27 range
846 1057 10 27 k
889 1057 8 27 l
909 1057 8 27 <
930 1057 20 27 2k
959 1056 8 27 —
983 1056 8 27 1
997 1056 29 27 the
1037 1056 56 27 upper

145 1086 55 28 range
208 1086 21 28 of
236 1086 60 28 sparse
304 1086 65 28 graphs
379 1086 33 28 and
422 1086 8 28 O
463 1086 8 28 l
484 1086 10 28 ζ
504 1086 8 28 k
520 1086 32 28 the
559 1086 55 28 lower
619 1086 64 28 range.

178 1119 19 27 In
204 1119 34 27 this
245 1119 66 27 paper,
313 1119 27 27 we
348 1119 72 27 present
428 1119 79 27 efficient
513 1119 104 27 algorithms
624 1119 31 27 for
659 1119 71 27 finding
739 1119 152 27 decompositions
899 1119 38 27 that
946 1119 60 27 certify
1014 1119 76 27 sparsity

148 1149 15 27 in
173 1149 28 27 the
212 1149 57 27 upper
276 1149 52 27 range
341 1149 20 27 of
370 1149 20 27 l.
397 1149 37 27 Our
441 1149 103 27 algorithms
554 1149 37 27 also
604 1149 50 27 apply
663 1150 16 27 in
692 1150 30 27 the
731 1150 55 27 lower
793 1150 66 27 range,
866 1150 54 27 which
934 1150 37 27 was
980 1150 71 27 already
1061 1150 32 27 ad-

148 1179 71 27 dressed
227 1179 22 27 by
260 1179 28 27 [3,
293 1179 18 27 4,
316 1179 22 27 5,
343 1179 18 27 6,
368 1179 40 27 19].
416 1179 8 27 A
436 1179 144 27 decomposition
590 1179 76 27 certifies
674 1179 28 27 the
709 1179 76 27 sparsity
796 1179 18 27 of
821 1179 8 27 a
840 1179 50 27 graph
899 1179 17 27 if
921 1179 28 27 the
957 1179 61 27 sparse
1028 1179 66 27 graphs

148 1209 32 26 and
192 1209 62 26 graphs
264 1209 91 26 admitting
362 1209 32 26 the
401 1209 143 27 decomposition
557 1208 89 27 coincide.

180 1239 37 27 Our
228 1239 105 27 algorithms
345 1240 25 27 are
384 1240 52 27 based
450 1241 20 27 on
484 1241 10 27 a
503 1241 35 27 new
555 1241 154 27 characterization
723 1242 20 27 of
752 1242 61 27 sparse
828 1242 73 27 graphs,
908 1241 56 27 which
979 1241 25 27 we
1018 1241 37 27 call
1062 1241 29 27 the

148 1271 69 26 pebble
225 1271 53 26 game
288 1271 39 26 with
339 1271 71 26 colors.
416 1271 36 26 The
459 1271 64 26 pebble
532 1271 53 26 game
592 1271 38 26 with
641 1271 59 26 colors
708 1271 16 26 is
731 1271 8 26 a
746 1271 68 26 simple
821 1271 51 26 graph
884 1271 117 26 construction
1012 1272 36 26 rule
1055 1272 39 26 that

148 1301 86 27 produces
242 1301 10 26 a
260 1301 60 26 sparse
330 1301 51 26 graph
394 1301 51 26 along
455 1300 40 26 with
507 1300 8 26 a
522 1300 180 26 sparsity-certifying
712 1300 155 27 decomposition.

180 1331 30 26 We
219 1332 60 26 define
289 1332 31 26 and
333 1332 48 26 study
393 1332 10 26 a
415 1332 95 26 canonical
517 1332 47 26 class
574 1332 18 26 of
602 1333 65 26 pebble
679 1333 50 26 game
741 1333 139 26 constructions,
887 1333 55 26 which
957 1333 105 26 correspond
1074 1333 16 26 to

147 1363 102 26 previously
256 1363 69 26 studied
337 1363 153 26 decompositions
499 1363 18 26 of
525 1363 57 26 sparse
593 1363 64 26 graphs
664 1363 36 26 into
709 1363 44 26 edge
763 1363 74 26 disjoint
841 1363 56 26 trees.
905 1363 36 26 Our
945 1363 64 26 results
1016 1363 74 26 provide

147 1393 8 26 a
167 1393 82 26 unifying
260 1393 103 26 framework
379 1393 28 26 for
420 1393 24 26 all
453 1393 28 26 the
492 1393 101 26 previously
605 1393 64 26 known
684 1393 69 26 special
762 1393 60 26 cases,
831 1393 90 26 including
936 1392 157 26 Nash-Williams-

148 1424 49 26 Tutte
205 1424 34 26 and
248 1424 29 26 [7,
284 1424 40 26 24].
330 1424 75 26 Indeed,
410 1424 16 26 in
435 1424 29 26 the
473 1424 55 26 lower
536 1424 62 26 range,
607 1424 95 26 canonical
707 1424 65 26 pebble
782 1424 50 26 game
843 1424 131 26 constructions
984 1424 70 26 capture
1062 1424 31 26 the

147 1454 99 27 properties
256 1454 20 26 of
283 1453 31 26 the
325 1453 117 26 augmenting
451 1453 52 26 paths
517 1453 42 26 used
571 1453 16 26 in
599 1453 75 26 matroid
687 1453 52 26 union
754 1453 31 26 and
798 1453 110 26 intersection
924 1454 136 27 algorithms[5,
1068 1454 25 26 6].

147 1483 51 27 Since
209 1484 28 26 the
247 1484 61 27 sparse
318 1485 65 26 graphs
392 1485 16 26 in
418 1485 31 26 the
458 1485 58 26 upper
523 1486 53 26 range
586 1486 28 26 are
624 1486 31 26 not
663 1486 64 26 known
738 1486 18 26 to
764 1486 24 26 be
797 1486 64 26 unions
872 1486 21 26 or
901 1485 126 27 intersections
1035 1485 18 26 of
1062 1484 31 26 the

147 1514 84 27 matroids
238 1515 31 26 for
276 1515 56 26 which
343 1516 49 26 there
401 1516 29 26 are
437 1516 81 26 efficient
525 1516 116 26 augmenting
649 1516 39 26 path
701 1516 112 26 algorithms,
818 1516 48 26 these
876 1516 21 26 do
910 1515 31 26 not
948 1515 53 26 easily
1011 1515 51 26 apply
1072 1515 15 26 in

179 1563 71 24 Research
263 1563 15 24 of
287 1563 33 24 both
333 1563 59 24 authors
401 1563 56 24 funded
465 1563 19 24 by
494 1563 25 24 the
529 1563 33 24 NSF
575 1563 48 24 under
630 1563 51 24 grants
689 1563 33 24 NSF
739 1563 112 24 CCF-0430990
862 1563 25 24 and
899 1562 107 24 NSF-DARPA
1022 1562 63 24 CARGO

151 1588 116 24 CCR-O310661
272 1588 16 23 to
295 1589 24 23 the
325 1589 33 23 first
365 1588 62 24 author.
