1275 1650
276 109 89 23 Bosonic
381 109 119 23 characters
513 109 19 23 of
544 109 78 23 atomic
641 109 81 23 Cooper
736 109 55 23 pairs
804 109 69 23 across
889 109 84 23 resonan

508 159 20 22 Y.
537 160 22 22 H.
570 160 44 22 Pong
627 160 29 22 and
675 160 20 22 C.
705 160 22 22 K.
737 159 31 22 Law

383 182 96 21 Department
490 182 14 21 of
517 182 60 21 Physics
587 182 28 21 and
627 182 67 21 Institute
706 182 16 21 of
733 182 91 22 Theoretical
834 183 66 22 Physics,

332 205 28 20 The
376 205 58 20 Chinese
446 205 80 20 university
538 205 14 20 of
564 205 39 20 Hong
616 205 48 20 Kong,
675 205 58 20 Shatin,
744 205 41 20 Hong
796 205 40 20 Kong
851 205 41 20 SAR,
907 205 44 20 China

524 227 64 21 (Dated:
598 227 83 21 November
688 227 16 21 4,
709 226 45 21 2018)

246 262 23 21 We
276 262 43 21 study
329 261 25 21 the
362 261 98 21 two-particle
469 261 39 21 wave
513 261 67 21 function
590 261 15 21 of
612 261 50 21 paired
672 261 48 21 atoms
726 261 13 21 in
751 261 6 21 a
767 261 47 21 Fermi
821 262 25 21 gas
854 262 33 21 with
896 262 63 21 tunable
964 262 88 21 interaction

224 284 77 19 strengths
310 284 78 19 controlled
401 284 18 19 by
430 284 72 19 Feshbach
515 284 88 19 resonance.
618 284 28 19 The
662 285 56 19 Cooper
726 285 33 19 pair
769 285 38 19 wave
817 285 64 19 function
896 285 11 19 is
916 285 77 19 examined
1004 285 21 19 for
1036 285 19 19 its

225 305 59 20 bosonic
296 305 90 20 characters,
396 305 42 19 which
452 305 11 19 is
474 305 80 19 quantified
566 305 17 19 by
595 305 27 19 the
632 305 79 19 correction
723 305 13 19 of
748 305 37 19 Bose
795 305 107 20 enhancement
913 306 48 20 factor
970 306 83 20 associated

225 327 31 20 with
268 327 25 20 the
302 327 63 20 creation
378 328 27 20 and
417 328 94 20 annihilation
525 328 79 20 composite
616 328 60 20 particle
685 327 85 20 operators.
781 327 20 20 An
812 327 68 20 example
888 327 11 20 is
909 327 39 20 given
958 327 22 20 for
990 327 6 20 a
1005 326 51 20 three-

226 349 98 20 dimensional
329 349 56 20 uniform
401 349 33 20 gas.
444 349 31 20 Two
485 349 83 20 definitions
575 349 16 20 of
600 349 56 20 Cooper
663 349 33 20 pair
703 349 38 20 wave
746 349 67 20 function
823 349 24 20 are
853 349 85 20 examined.
951 349 29 20 One
988 349 14 20 of
1009 349 40 20 which

224 372 11 19 is
244 372 51 19 chosen
304 372 16 19 to
329 372 48 19 reflect
387 372 25 19 the
422 372 96 20 off-diagonal
524 372 32 19 long
565 372 45 19 range
619 372 42 19 order
669 372 92 20 (ODLRO).
768 372 66 20 Another
842 372 27 19 one
878 373 96 20 corresponds
982 373 15 19 to
1007 373 6 19 a
1023 373 32 20 pair

225 392 79 20 projection
316 393 13 20 of
338 393 6 20 a
353 393 34 20 BCS
395 393 49 20 state.
453 393 20 20 On
482 393 25 20 the
515 393 31 20 side
554 393 31 20 with
596 393 68 20 negative
671 393 79 20 scattering
761 392 57 20 length,
824 392 20 20 we
851 392 44 20 found
904 392 36 20 that
947 392 49 20 paired
1005 392 49 20 atoms

226 414 72 20 described
310 414 17 20 by
339 414 61 20 ODLRO
416 414 21 20 are
446 414 39 20 more
496 414 58 20 bosonic
564 414 34 20 than
610 414 25 20 the
643 414 31 20 pair
684 414 75 20 projected
769 414 85 20 definition.
861 414 14 20 It
883 414 12 20 is
905 414 28 20 also
942 414 43 20 found
997 414 34 20 that
1040 414 14 20 at

225 438 46 20 (kFa)
284 438 6 20 1
323 438 13 20 1,
344 438 32 20 both
391 438 85 20 definitions
485 437 31 20 give
523 437 56 20 similar
589 437 60 20 results,
656 437 47 20 where
714 437 40 20 more
760 437 35 20 than
809 437 25 20 90%
851 437 15 20 of
872 437 26 20 the
907 436 49 20 atoms
965 436 54 20 occupy
1030 436 26 20 the

225 458 114 21 corresponding
348 459 79 20 molecular
438 457 104 22 condensates.

226 500 40 19 PACS
277 501 69 19 numbers:
355 501 66 18 03.75.Ss,
429 501 71 19 05.30.Fk,
505 501 72 19 74.20.Fg,
582 500 67 19 03.67.Mn

132 620 59 21 Recent
210 620 116 21 advancement
344 620 13 21 in
379 620 28 21 the
426 620 63 21 control
507 620 14 21 of
542 620 75 21 Feshbach

111 644 84 21 molecules
202 644 28 21 has
239 644 43 21 given
289 644 31 21 rise
325 644 17 21 to
349 644 47 21 many
404 644 29 21 new
447 644 115 21 experimental
568 644 56 21 obser-

111 668 62 21 vations
180 668 13 21 in
202 668 27 21 the
239 668 45 21 world
294 668 17 21 of
316 668 78 21 ultracold
404 668 59 21 atomic
472 668 26 21 gas
503 668 23 21 [1,
534 668 16 21 2,
556 668 16 21 3,
579 669 16 21 4,
600 669 21 21 5].

113 691 18 21 At
143 692 93 21 sufficiently
253 692 23 21 low
294 693 128 21 temperatures,
431 693 84 21 fermionic
529 693 51 21 atoms
597 692 25 21 are

110 717 56 21 known
175 717 14 21 to
198 717 33 21 form
246 717 42 21 pairs
296 717 49 21 under
353 717 17 21 an
383 717 84 21 attractive
472 717 105 21 interaction.
587 717 30 21 The

110 741 95 21 interaction
214 741 69 21 strength
296 741 28 21 can
334 741 21 21 be
362 741 110 21 manipulated
482 741 20 21 by
511 741 56 21 tuning
577 741 44 21 mag-

111 763 41 21 netic
163 763 46 21 fields
222 763 37 21 near
273 763 77 21 Feshbach
365 763 95 21 resonance,
470 763 48 21 which
532 763 13 21 is
556 763 66 21 charac-

109 789 57 21 terized
180 789 17 21 by
210 789 6 21 a
230 789 74 21 detuning
315 789 56 21 energy
383 789 71 21 between
465 789 28 21 the
502 788 41 21 close
553 788 69 21 channel

111 812 52 21 bound
172 812 41 21 state
222 812 56 21 energy
285 812 29 21 and
322 812 29 21 the
360 812 37 21 open
407 812 70 21 channel
480 812 68 21 collision
557 812 62 21 thresh-

111 835 34 21 old.
161 835 6 21 A
181 835 70 21 positive
262 835 75 21 detuning
350 835 44 21 leads
404 835 14 21 to
431 835 6 21 a
451 835 72 21 negative
532 836 87 22 scattering

110 859 64 21 length,
181 859 13 21 in
208 859 32 21 this
251 859 59 21 regime
323 859 51 21 paired
389 859 52 21 atoms
452 859 25 21 are
487 859 59 21 loosely
557 859 62 21 bound.

114 884 41 21 Upon
168 884 74 21 negative
252 884 86 21 detuning,
346 884 28 21 the
383 884 86 21 scattering
482 884 52 21 length
547 884 74 21 becomes

111 908 67 21 positive
192 908 29 21 and
235 907 52 21 atoms
302 907 25 21 can
341 907 33 21 form
398 907 51 21 bound
465 907 92 21 molecules,
570 907 47 21 which

111 931 45 21 could
163 931 64 21 further
235 930 77 21 condense
321 930 34 21 into
365 930 6 21 a
381 930 38 21 BEC
429 930 53 21 state.
492 930 55 21 Unlike
555 930 66 21 bosonic

111 955 92 22 molecules,
209 955 27 22 the
242 955 80 22 statistics
332 955 15 21 of
352 955 96 22 interacting
457 954 82 22 fermionic
550 954 52 22 atoms
608 954 13 22 is

111 978 69 22 dictated
190 979 20 21 by
219 979 46 21 Pauli
274 980 77 21 exclusion
361 979 87 21 principle,
452 979 27 21 the
488 979 59 22 ground
558 978 42 22 state
608 978 13 21 is

110 1001 38 21 thus
157 1002 46 21 made
213 1002 17 21 up
244 1002 16 21 of
270 1002 6 21 a
286 1002 42 21 large
339 1002 66 21 number
416 1003 16 21 of
441 1003 62 21 modes,
512 1002 34 21 even
560 1002 16 21 at
586 1002 34 21 zero

109 1026 119 22 temperature.
241 1026 33 21 One
284 1026 62 21 usually
357 1026 34 21 uses
402 1026 6 21 a
420 1026 37 22 BCS
467 1026 45 22 state
519 1026 16 22 to
547 1025 75 22 approxi-

111 1050 42 21 mate
163 1050 28 21 the
201 1050 59 21 ground
271 1050 42 21 state
326 1050 14 21 at
353 1050 46 21 which
411 1050 76 21 fermions
498 1050 25 21 are
535 1050 51 21 paired
599 1050 17 21 up

111 1073 83 21 according
201 1073 14 21 to
224 1073 42 21 their
275 1073 65 21 natural
345 1073 49 21 orbits
400 1073 29 21 [6].
439 1073 38 21 This
484 1073 12 21 is
505 1073 34 21 very
549 1073 72 21 different

109 1097 34 21 from
164 1097 35 21 BEC
212 1097 59 21 formed
284 1097 19 21 by
316 1097 38 21 pure
363 1097 61 21 bosons
433 1097 14 21 at
461 1098 33 21 zero
504 1098 120 22 temperature,

111 1121 46 21 which
169 1121 13 21 is
192 1121 36 21 well
236 1121 80 21 described
328 1121 16 21 by
357 1121 6 21 a
373 1121 51 21 single
434 1121 46 21 mode
490 1122 43 21 wave
540 1122 82 22 function.

113 1145 25 21 We
150 1145 33 21 may
197 1145 71 21 however
281 1145 64 21 expect,
356 1145 40 21 upon
412 1145 6 21 a
431 1145 53 21 strong
498 1145 60 21 enough
573 1145 48 21 inter-

111 1169 62 21 action,
180 1169 51 21 paired
241 1170 83 21 fermionic
335 1170 50 21 atoms
395 1170 66 21 become
470 1170 14 21 so
497 1170 55 21 tightly
565 1170 53 21 bound

110 1192 37 21 that
154 1193 36 21 they
200 1193 33 21 look
243 1193 35 21 just
285 1193 32 21 like
324 1194 59 21 bosons
390 1194 31 21 [7].
428 1194 15 21 In
454 1194 37 21 that
498 1194 44 21 case,
548 1193 29 21 one
586 1193 36 21 nat-

111 1216 36 21 ural
153 1217 70 22 question
231 1217 17 21 to
258 1217 25 21 ask
292 1217 20 21 is,
318 1218 29 21 how
362 1218 37 21 alike
407 1218 25 21 are
441 1218 6 21 a
456 1218 84 21 fermionic
546 1217 34 21 pair
588 1217 30 21 and

111 1241 6 21 a
127 1241 60 21 boson?
199 1241 14 21 In
224 1241 30 21 this
265 1241 58 21 paper,
329 1241 22 21 we
359 1241 66 21 address
433 1241 32 21 this
474 1241 70 21 question
556 1241 17 21 by
585 1241 36 21 con-

109 1265 77 21 structing
202 1265 6 21 a
222 1265 63 21 Cooper
295 1265 33 21 pair
340 1265 68 21 creation
420 1265 77 21 operator
507 1265 29 21 and
550 1264 71 21 examine

109 1289 20 21 its
140 1289 65 21 bosonic
214 1290 89 21 properties
313 1290 53 21 across
375 1288 94 22 resonance.

134 1316 33 21 One
177 1316 114 22 fundamental
300 1317 61 21 feature
371 1318 38 21 that
420 1318 113 21 distinguishes
546 1317 73 21 fermions

109 1342 32 20 from
161 1342 60 20 bosons
230 1342 11 20 is
254 1342 27 20 the
292 1341 115 21 commutation
419 1341 66 21 relation
498 1341 69 21 between
580 1341 40 21 their

111 1366 67 21 creation
194 1366 29 21 and
240 1366 103 21 annihilation
361 1366 92 21 operators.
474 1365 26 21 For
515 1365 67 21 bosons,
592 1365 29 21 the

111 1389 108 22 commutator
235 1389 65 21 [C,C†]
314 1389 13 21 is
342 1389 36 21 one,
395 1388 43 21 while
454 1388 27 21 the
497 1388 126 21 anticommuta-

110 1415 25 22 tor
164 1415 53 22 C,Ct)
231 1415 14 22 is
257 1415 30 22 one
297 1415 26 22 for
333 1415 86 22 fermions.
441 1415 26 22 For
482 1414 88 22 composite
583 1414 39 22 two-

111 1439 83 21 particles,
201 1439 28 21 the
241 1439 123 21 corresponding
377 1439 109 21 commutator
494 1439 13 21 is
519 1439 28 21 not
559 1439 60 21 exactly

111 1462 28 22 one
147 1462 23 22 [8,
174 1463 17 21 9,
198 1463 31 22 10).
239 1463 8 21 A
261 1463 50 22 useful
317 1463 81 22 indicator
406 1463 89 21 measuring
503 1463 27 21 the
539 1463 78 22 deviation

109 1487 34 21 from
162 1487 27 21 the
201 1487 66 21 bosonic
280 1486 114 22 commutation
408 1486 67 22 relation
486 1486 13 21 is
509 1485 28 22 the
553 1484 68 22 M-pairs

659 563 121 22 normalization
791 563 53 22 factor
855 563 21 22 XM
895 562 60 22 defined
971 562 28 22 by:
1011 561 15 22 (O
1044 560 63 23 CMC†M
1117 560 26 22 (0)
1155 559 7 22 =

661 587 64 22 M!XM,
732 587 51 21 where
799 587 16 21 0)
822 587 13 21 is
844 587 27 21 the
880 587 59 21 vacuum
958 587 50 21 state.
1021 587 32 21 The
1063 587 43 21 value
1117 588 15 21 of
1142 588 19 21 XM

659 610 60 22 reflects
730 610 27 22 the
767 609 86 22 correction
866 609 17 21 of
893 609 38 21 Bose
944 609 115 22 enhancement
1067 610 61 22 factor,
1136 611 30 22 and

659 635 31 22 was
700 635 34 22 used
747 635 15 22 to
771 634 48 22 study
831 634 60 22 ground
901 634 45 21 state
956 634 70 22 excitons
1034 634 81 22 statistics
1122 635 24 22 [8,
1154 635 16 22 9]

658 658 30 22 and
699 658 26 22 the
735 658 93 22 connection
840 658 15 22 to
868 658 69 22 quantum
956 658 118 22 entanglement
1085 658 39 22 [10].
1135 658 33 22 The

658 682 26 22 key
694 682 73 22 quantity
777 682 31 22 was
815 682 54 22 shown
879 682 16 22 to
905 682 19 22 be
930 682 27 22 the
966 682 41 22 ratio
1017 682 83 22 xM+1/XM
1117 682 47 22 which

658 707 37 22 goes
705 707 15 22 to
732 706 30 22 one
770 706 26 22 for
806 706 6 21 a
825 706 59 22 perfect
894 706 60 22 boson.
971 706 36 21 This
1016 706 38 22 ratio
1068 706 31 22 will
1107 706 19 22 be
1139 706 27 22 one

659 730 15 21 of
686 730 27 21 our
726 730 67 21 primary
806 730 89 21 indicators
908 730 15 21 of
933 730 28 21 the
973 730 66 21 bosonic
1052 730 92 21 characters
1154 730 17 21 of

661 754 62 21 Cooper
732 754 51 21 pairs.

682 782 82 21 However,
768 782 46 21 there
821 782 30 21 has
860 782 38 21 been
910 782 17 21 an
939 782 87 21 ambiguity
1036 782 15 21 in
1063 782 67 21 defining
1140 782 28 21 the

659 806 64 21 explicit
729 806 33 21 form
779 806 17 21 of
801 806 6 21 a
823 806 60 21 Cooper
890 806 33 21 pair
932 806 44 21 wave
982 806 82 21 function.
1075 806 43 21 Ortiz
1128 806 13 21 et
1151 806 20 21 al.

659 831 30 21 [11]
698 830 38 21 have
747 830 42 21 given
801 830 6 21 a
817 830 86 21 discussion
915 830 17 21 at
939 830 54 21 length
1006 830 16 21 on
1033 830 33 21 this
1076 830 69 21 matter.
1151 830 14 21 In

659 854 37 21 [12],
708 853 38 21 Yang
756 853 61 21 showed
827 853 38 21 that
875 852 105 21 off-diagonal
986 852 34 21 long
1032 852 48 21 range
1090 852 45 21 order
1143 852 28 21 ex-

659 878 27 21 ists
694 878 12 21 in
718 878 6 21 a
734 876 147 22 superconducting
889 876 52 21 state,
947 876 28 21 and
985 876 13 21 is
1008 876 115 21 characterized
1132 876 17 21 by
1162 877 7 21 a

658 901 84 22 dominant
751 901 100 22 eigenvector
858 900 16 21 of
881 900 28 21 the
917 900 107 21 two-particle
1030 900 61 21 density
1104 900 68 21 matrix.

660 925 32 22 The
700 924 100 22 eigenvector
804 924 15 21 is
824 924 93 22 sometimes
923 924 92 21 recognized
1025 924 15 21 as
1048 924 7 21 a
1067 924 61 22 Cooper
1134 924 34 22 pair

660 948 40 21 wave
710 949 81 21 function.
809 949 20 21 On
840 949 28 21 the
879 949 47 21 other
936 949 50 21 hand,
994 949 27 21 the
1033 949 33 21 pair
1077 949 88 21 projection

659 973 42 21 wave
710 973 71 21 function
797 973 16 21 of
822 973 6 21 a
843 973 36 21 BCS
893 973 41 21 state
947 973 33 21 [13]
988 973 13 21 is
1013 973 31 21 also
1057 973 6 21 a
1077 973 93 21 candidate.

660 997 37 21 Both
718 997 60 21 Cooper
790 997 33 21 pair
834 997 44 21 wave
888 997 80 21 functions
983 997 30 21 will
1024 997 20 21 be
1057 997 80 21 examined
1151 997 13 21 in

659 1019 30 21 this
701 1020 57 21 paper.
772 1020 46 21 Their
828 1021 65 21 bosonic
905 1021 91 21 characters
1005 1021 25 21 are
1041 1021 83 21 compared
1138 1021 28 21 and

658 1044 20 22 we
690 1044 42 22 shall
739 1045 60 22 discuss
809 1045 41 21 their
860 1046 88 21 suitability
958 1046 17 21 as
985 1045 6 21 a
1002 1045 65 22 bosonic
1077 1044 48 22 mode
1135 1044 13 21 in
1159 1044 7 21 a

660 1068 53 23 Fermi
718 1066 38 24 gas.

679 1096 14 22 In
703 1096 32 22 this
747 1096 56 22 paper,
810 1096 21 22 we
841 1096 60 22 employ
910 1096 28 22 the
947 1096 108 22 one-channel
1061 1096 78 22 approach
1150 1097 15 22 to

660 1120 60 22 discuss
726 1120 27 21 the
761 1120 79 22 crossover
846 1121 102 22 phenomena
955 1121 15 21 at
978 1121 34 21 zero
1021 1121 109 21 temperature
1137 1121 32 21 [11,

660 1144 25 22 15,
693 1144 27 22 16,
728 1144 31 22 17.
769 1144 107 22 Specifically,
882 1145 7 22 a
899 1144 38 22 BCS
947 1144 42 22 state
1000 1144 32 22 will
1038 1144 21 22 be
1066 1144 38 22 used
1114 1144 15 22 as
1140 1144 29 22 our

659 1168 59 24 ground
728 1168 43 23 state
780 1168 45 23 wave
831 1168 72 23 function

809 1221 10 31 =
831 1221 22 31 II
859 1221 32 31 (ŭn
900 1221 10 31 +
914 1220 82 32 υna1β1)
1004 1219 30 32 0).

661 1295 36 22 Here
706 1295 19 22 an
736 1295 29 22 and
776 1295 18 22 βn
804 1295 24 22 are
834 1295 29 22 the
869 1295 104 22 annihilation
983 1296 83 22 operators
1072 1296 18 22 of
1094 1296 31 22 two
1130 1296 33 22 spin

658 1319 107 23 components
775 1318 15 22 of
798 1318 77 22 fermonic
887 1318 60 22 atoms,
956 1318 6 22 n
976 1318 66 22 denotes
1052 1319 29 22 the
1090 1319 70 23 quantum

658 1344 68 21 number
735 1344 14 21 of
760 1344 61 21 pairing
833 1344 48 21 orbit,
892 1344 27 21 and
934 1344 16 21 ün
965 1344 27 21 and
1005 1344 17 21 �n
1036 1344 25 21 are
1071 1344 96 22 amplitudes

658 1369 81 22 subjected
752 1368 15 21 to
779 1368 119 21 normalization
911 1368 89 21 constraint
1009 1368 25 21 /un
1045 1368 6 21 2
1061 1368 6 21 +
1080 1368 40 21 |υn12
1132 1368 6 21 =
1155 1368 16 21 1.

661 1392 32 21 The
703 1392 67 21 number
782 1392 16 21 of
807 1392 52 21 atoms
870 1392 12 21 in
897 1392 35 21 each
944 1392 33 21 spin
992 1392 98 21 component
1099 1392 14 21 is
1123 1392 44 21 given

659 1415 16 22 by
690 1416 7 22 N
715 1416 7 22 =
739 1416 55 22 Σ�n
802 1416 17 22 2.
828 1416 15 22 In
853 1416 33 22 this
893 1416 58 22 paper,
959 1416 19 22 we
988 1416 33 22 will
1027 1416 29 22 use
1063 1415 26 22 the
1097 1414 70 22 solution

658 1441 18 21 of
681 1441 30 21 ūn,
717 1441 18 21 �n
744 1441 13 21 in
767 1441 120 21 homogeneous
893 1441 78 22 systems.
981 1441 28 21 For
1015 1440 69 22 trapped
1092 1439 79 22 systems,

658 1463 27 21 the
694 1463 97 21 amplitudes
801 1463 26 21 can
836 1463 19 21 be
865 1463 98 21 determined
973 1463 19 21 by
1002 1463 73 21 methods
1087 1463 79 22 described

657 1485 13 24 in
682 1485 49 24 Refs.
737 1485 33 24 [18,
780 1485 29 24 19/.

257 563 14 21 I.
295 563 173 21 INTRODUCTION
