1275 1650
329 151 41 29 The
382 151 107 29 evolution
504 151 21 29 of
534 151 36 29 the
583 151 149 29 Earth-Moon
743 151 72 29 system
838 152 65 29 based
917 152 23 29 on

430 186 35 29 the
477 186 52 29 dark
545 186 82 29 matter
635 186 48 30 field
697 186 52 30 fluid
765 185 77 30 model

568 277 83 25 Hongjun
668 277 32 25 Pan

508 334 117 26 Department
635 335 17 25 of
663 334 98 26 Chemistry

347 389 98 27 University
453 389 22 27 of
483 389 53 27 North
550 390 63 27 Texas,
620 390 79 27 Denton,
706 390 56 27 Texas
773 390 68 27 76203,
847 390 25 27 U.
878 390 22 27 S.
907 390 22 27 A.

594 507 91 24 Abstract

262 560 33 27 The
307 561 92 28 evolution
411 562 19 27 of
443 562 117 28 Earth-Moon
573 562 60 27 system
651 562 15 27 is
677 562 93 27 described
782 562 22 27 by
815 562 29 27 the
857 562 41 27 dark
911 561 64 27 matter
982 561 43 27 field
1037 561 47 28 fluid

185 618 63 28 model
256 618 40 28 with
310 618 8 28 a
328 618 152 28 non-Newtonian
495 618 84 28 approach
593 618 89 28 proposed
691 618 19 28 in
721 618 29 28 the
765 618 79 28 Meeting
856 618 19 28 of
886 617 80 28 Division
979 617 19 28 of
1009 617 73 28 Particle

185 676 34 29 and
232 676 47 29 Field
296 676 56 29 2004,
365 676 94 29 American
472 676 87 29 Physical
570 676 81 29 Society.
661 676 38 29 The
712 676 70 29 current
793 676 87 29 behavior
890 676 21 29 of
920 676 32 29 the
966 675 118 29 Earth-Moon

182 732 61 29 system
263 732 61 29 agrees
333 733 43 28 with
387 733 36 28 this
434 733 64 28 model
506 733 39 28 very
558 733 45 28 well
611 734 34 28 and
652 734 30 28 the
693 734 75 28 general
776 734 66 28 pattern
854 733 19 28 of
881 733 32 28 the
922 733 93 28 evolution
1028 733 19 28 of
1055 733 28 28 the

187 790 116 29 Moon-Earth
314 791 60 28 system
392 791 94 28 described
496 791 23 28 by
530 792 35 28 this
577 792 64 28 model
645 792 64 28 agrees
720 792 39 28 with
772 792 103 28 geological
884 791 32 28 and
927 791 55 28 fossil
990 791 98 29 evidence.

186 847 35 27 The
231 847 69 27 closest
308 847 78 27 distance
395 847 21 27 of
423 847 29 27 the
463 847 55 27 Moon
527 847 19 27 to
555 847 48 27 Earth
618 847 38 27 was
665 847 54 27 about
729 847 69 28 259000
810 848 19 27 km
846 848 17 27 at
874 848 24 27 4.5
911 848 59 28 billion
982 849 52 28 years
1043 849 45 28 ago,

186 905 55 28 which
251 905 18 28 is
276 905 28 28 far
312 905 73 28 beyond
393 906 30 28 the
434 906 80 28 Roche's
522 906 55 28 limit.
585 906 35 28 The
628 906 59 28 result
693 906 86 28 suggests
783 906 43 28 that
830 906 32 28 the
869 906 46 28 tidal
921 906 70 28 friction
1004 906 39 28 may
1054 906 34 28 not

182 963 24 29 be
216 963 33 29 the
258 963 77 29 primary
353 963 51 29 cause
417 963 29 29 for
458 963 29 29 the
501 963 92 29 evolution
608 963 18 29 of
638 963 31 29 the
682 963 120 29 Earth-Moon
815 963 77 29 system.
904 963 35 29 The
952 963 77 29 average
1043 963 40 29 dark

186 1021 62 29 matter
255 1021 45 29 field
312 1021 45 29 fluid
371 1021 82 29 constant
464 1021 71 29 derived
544 1021 40 29 from
606 1021 115 29 Earth-Moon
736 1021 58 29 system
815 1021 40 29 data
864 1021 18 29 is
894 1021 40 29 4.39
947 1021 9 29 x
968 1020 45 29 1022
1025 1020 20 29 st
1047 1020 38 29 m1.

187 1079 41 27 This
237 1079 61 27 model
305 1079 77 27 predicts
389 1079 41 27 that
434 1079 30 27 the
477 1079 66 27 Mars's
550 1079 73 27 rotation
634 1079 17 27 is
660 1079 37 27 also
708 1079 77 27 slowing
795 1079 39 27 with
844 1079 29 27 the
884 1079 73 27 angular
964 1079 116 27 acceleration

183 1134 36 31 rate
229 1133 57 31 about
288 1133 53 31 -4.38
349 1133 10 31 x
370 1133 45 31 1022
422 1134 33 31 rad
463 1134 21 31 s2

186 1251 34 27 Key
232 1251 72 27 Words.
309 1251 41 27 dark
359 1251 72 27 matter,
436 1251 56 27 fluid,
496 1251 104 27 evolution,
604 1251 61 27 Earth,
673 1251 66 27 Moon,
747 1251 49 27 Mars
