1275 1650
294 339 94 34 Partial
401 339 87 35 cubes:
502 339 155 35 structures,
666 340 251 36 characterizations,
927 341 48 35 and

543 389 185 29 constructions

532 451 63 26 Sergei
607 451 126 26 Ovchinnikov

502 481 133 25 Mathematics
647 481 122 25 Department

470 510 35 25 San
520 510 94 25 Francisco
627 510 53 25 State
691 511 106 25 University

503 539 33 26 San
551 539 104 26 Francisco,
667 539 23 26 CA
708 538 58 26 94132

551 566 160 28 sergei@sfsuedu

570 616 42 27 May
626 616 18 26 8,
655 616 44 26 2006

595 691 79 22 Abstract

330 717 56 22 Partial
395 717 44 22 cubes
449 717 25 22 are
484 717 75 22 isometric
570 717 85 22 subgraphs
666 717 15 22 of
690 717 101 22 hypercubes.
808 717 84 22 Structures
902 717 18 22 on
933 717 7 22 a

329 742 42 21 graph
384 742 54 21 defined
449 742 16 21 by
477 741 50 21 means
533 741 15 21 of
554 741 94 22 semicubes,
651 741 28 21 and
691 741 83 22 Djoković's
781 741 28 21 and
819 741 78 22 Winkler's
906 741 36 21 rela-

327 763 41 22 tions
376 763 33 22 play
419 763 15 22 an
443 763 86 22 important
537 763 27 22 role
573 763 13 22 in
597 763 26 22 the
629 763 51 22 theory
690 763 16 22 of
714 763 57 22 partial
777 763 54 22 cubes.
841 763 45 22 These
894 762 48 22 struc-

327 787 41 21 tures
377 787 22 21 are
408 788 74 21 employed
490 788 14 21 in
513 788 26 21 the
545 788 48 21 paper
599 788 16 21 to
625 788 97 21 characterize
730 788 70 21 bipartite
808 788 53 21 graphs
870 787 26 21 and
906 787 35 21 par-

328 809 30 22 tial
364 809 44 22 cubes
417 809 15 22 of
440 809 70 22 arbitrary
523 809 88 22 dimension.
625 809 29 22 New
668 809 138 22 characterizations
817 809 23 22 are
848 809 90 22 established

330 833 27 21 and
366 833 25 21 new
407 833 49 21 proofs
465 833 14 21 of
485 833 40 21 some
532 833 52 21 known
594 833 55 21 results
658 833 22 21 are
689 833 48 21 given.

359 857 30 22 The
397 856 86 22 operations
492 856 15 21 of
516 856 72 22 Cartesian
600 856 64 21 product
673 856 26 21 and
709 856 68 22 pasting,
783 856 27 21 and
821 856 79 22 expansion
910 857 28 22 and

329 878 89 22 contraction
431 878 74 22 processes
515 878 24 22 are
550 878 57 22 utilized
617 878 13 22 in
644 878 26 22 the
679 878 46 22 paper
735 878 15 22 to
759 878 77 22 construct
846 878 26 22 new
888 878 53 22 partial

329 903 45 21 cubes
379 903 31 21 from
423 903 23 21 old
456 903 43 21 ones.
506 903 13 21 In
529 903 87 21 particular,
620 903 27 21 the
653 903 75 21 isometric
734 903 27 21 and
771 903 48 21 lattice
831 902 89 21 dimensions
927 902 15 21 of

327 925 41 21 finite
376 926 56 21 partial
438 926 45 21 cubes
492 926 68 21 obtained
570 926 18 21 by
597 926 52 21 means
656 926 16 21 of
677 925 41 21 these
727 925 85 21 operations
821 925 22 21 are
852 925 90 21 calculated.

280 963 30 24 Key
321 963 59 24 words:
389 963 103 24 Hypercube,
499 963 60 24 partial
566 963 47 24 cube,
619 963 82 24 semicube

279 1025 10 30 1

327 1024 179 32 Introduction

278 1077 7 24 A
297 1077 94 24 hypercube
401 1077 53 24 H(X)
462 1077 16 24 on
491 1077 7 24 a
506 1077 27 24 set
546 1077 7 24 X
567 1077 15 24 is
590 1077 9 24 a
606 1077 50 24 graph
667 1077 47 24 which
728 1076 65 24 vertices
802 1076 28 24 are
837 1076 28 24 the
874 1076 45 24 finite
928 1076 62 24 subsets

277 1102 15 22 of
305 1102 21 22 X;
330 1102 31 22 two
372 1102 64 22 vertices
447 1102 25 22 are
480 1102 51 22 joined
543 1102 20 22 by
573 1102 15 22 an
602 1102 38 22 edge
648 1102 11 22 if
667 1102 37 22 they
714 1102 46 22 differ
767 1102 21 22 by
799 1102 7 22 a
815 1102 89 23 singleton.
914 1102 7 22 A
936 1102 58 23 partial

276 1125 40 24 cube
322 1125 15 24 is
347 1125 7 24 a
363 1125 49 24 graph
420 1125 38 24 that
468 1125 26 24 can
506 1125 18 24 be
532 1125 114 24 isometrically
658 1125 86 24 embedded
752 1125 35 24 into
798 1125 7 24 a
814 1125 101 24 hypercube.

311 1155 48 24 There
369 1156 26 24 are
401 1156 48 24 three
457 1156 67 24 general
531 1156 154 24 graph-theoretical
691 1156 90 24 structures
791 1157 38 24 that
836 1157 36 24 play
881 1157 9 24 a
901 1157 91 24 prominent

277 1182 32 23 role
313 1182 16 23 in
338 1182 28 23 the
372 1182 55 23 theory
436 1182 16 23 of
458 1181 62 23 partial
525 1181 57 23 cubes;
586 1181 71 23 namely,
662 1181 98 23 semicubes,
766 1181 90 23 Djoković's
863 1182 66 23 relation
937 1182 16 23 0,
961 1182 29 23 and

278 1204 83 24 Winkler’s
369 1205 65 23 relation
462 1205 7 23 .
480 1205 25 23 We
513 1205 26 23 use
547 1205 46 23 these
599 1205 98 23 structures,
702 1205 14 23 in
727 1205 96 23 particular,
827 1205 16 23 to
856 1205 105 23 characterize
969 1205 22 23 bi-

277 1232 59 23 partite
342 1231 59 23 graphs
407 1231 31 23 and
447 1231 60 23 partial
512 1231 57 23 cubes.
580 1231 32 23 The
618 1231 141 23 characterization
767 1231 65 23 problem
847 1232 23 23 for
877 1232 62 24 partial
942 1232 50 24 cubes

276 1256 31 22 was
321 1256 90 22 considered
424 1256 15 22 as
453 1256 18 22 an
482 1256 90 23 important
586 1256 30 22 one
627 1256 30 22 and
669 1256 47 23 many
730 1256 152 23 characterizations
892 1257 27 23 are
931 1257 60 23 known.

278 1280 27 23 We
313 1280 27 23 list
351 1281 117 23 contributions
475 1281 17 23 in
503 1282 27 23 the
541 1282 120 23 chronological
667 1282 56 23 order:
733 1282 76 23 Djoković
819 1282 24 23 [9]
849 1282 68 23 (1973),
925 1282 37 23 Avis
970 1282 21 23 [2]

276 1306 64 23 (1981),
348 1306 70 23 Winkler
424 1306 35 23 [20]
465 1306 66 23 (1984),
537 1306 41 23 Roth
588 1306 30 23 and
631 1306 70 23 Winkler
707 1306 35 23 [18]
748 1306 66 23 (1986),
824 1306 58 23 Chepoi
889 1306 26 23 [6,
921 1306 16 23 7]
943 1306 48 23 (1988

276 1331 30 23 and
319 1331 57 23 1994).
384 1331 13 23 In
409 1331 26 23 the
447 1331 58 23 paper,
511 1331 20 23 we
540 1331 65 23 present
615 1331 26 23 new
657 1332 54 23 proofs
720 1332 24 23 for
751 1332 29 23 the
789 1332 56 23 results
856 1333 16 23 of
881 1333 77 23 Djoković
964 1333 27 23 [91,

279 1357 67 23 Winkler
356 1357 41 23 [20],
403 1357 29 23 and
446 1357 61 23 Chepoi
513 1357 29 23 [6],
549 1357 30 23 and
590 1357 54 23 obtain
655 1357 30 23 two
696 1357 42 23 more
747 1357 154 23 characterizations
909 1357 17 23 of
933 1357 61 23 partial

277 1380 58 23 cubes.
