1275 1650
303 109 97 23 Polymer
419 109 93 23 Quantum
541 109 118 23 Mechanics
674 109 36 23 and
728 109 28 23 its
772 109 116 23 Continuum
915 109 62 23 Limit

313 159 84 23 Alejandro
412 159 69 23 Corichi,
480 159 45 23 1,2,3,
530 158 7 23 *
551 158 66 23 Tatjana
629 158 96 23 Vukašinac,
725 158 16 23 4,
741 158 7 23 f
760 157 31 23 and
803 157 38 23 José
851 157 20 23 A.
882 156 78 23 Zapata1,
962 156 7 23 †

270 189 69 22 Instituto
350 189 18 22 de
378 188 112 22 Matemáticas,
499 188 55 22 Unidad
567 188 67 22 Morelia,
646 188 95 22 Universidad
754 188 71 22 Nacional
836 189 80 22 Autónoma
929 189 18 22 de
957 190 60 22 México,

314 212 129 21 UNAM-Campus
454 212 68 21 Morelia,
534 212 17 21 A.
561 212 52 21 Postal
620 212 42 21 61-3,
673 212 68 21 Morelia,
752 211 84 21 Michoacán
850 211 53 21 58090,
916 211 53 21 Mexico

307 235 75 21 2Instituto
396 235 17 21 de
426 234 66 21 Ciencias
504 234 83 21 Nucleares,
601 233 93 21 Universidad
709 233 71 21 Nacional
793 233 81 21 Autónoma
885 233 17 21 de
914 233 62 21 México,

441 257 17 21 A.
469 256 51 21 Postal
533 255 59 21 70-543,
604 255 55 21 México
673 255 37 21 D.F.
722 255 54 21 04510,
787 255 55 21 Mexico

339 277 68 21 Institute
417 277 23 21 for
453 277 107 21 Gravitational
571 277 58 20 Physics
642 277 26 20 and
684 277 83 21 Geometry,
778 277 59 21 Physics
849 277 103 21 Department,

364 298 106 21 Pennsylvania
483 298 40 21 State
536 298 90 21 University,
637 298 82 21 University
732 298 36 21 Park
781 298 18 21 PA
816 298 53 21 16802,
883 299 32 21 USA

285 320 77 21 4Facultad
375 321 15 20 de
402 321 82 20 Ingeniería
499 321 40 20 Civil,
551 321 94 20 Universidad
658 321 95 20 Michoacana
766 322 16 20 de
793 322 24 20 San
833 322 57 20 Nicolas
900 322 16 20 de
929 322 68 20 Hidalgo,

490 342 68 21 Morelia,
571 342 84 21 Michoacán
671 342 56 21 58000,
738 342 56 21 Mexico

246 378 6 19 A
266 378 49 19 rather
323 378 107 20 non-standard
441 379 64 19 quantum
523 379 114 19 representation
649 379 16 19 of
671 378 26 19 the
706 378 77 20 canonical
790 378 105 20 commutation
907 378 70 20 relations
986 377 14 19 of
1010 377 44 20 quan-

224 401 24 19 tum
265 401 83 19 mechanics
357 401 73 19 systems,
435 401 50 19 known
497 401 16 19 as
520 401 27 19 the
556 401 63 19 polymer
628 401 114 19 representation
753 401 24 19 has
788 401 50 19 gained
849 401 39 19 some
900 401 70 19 attention
981 401 11 19 in
1004 401 50 19 recent

225 422 47 19 years,
280 422 28 19 due
316 422 15 19 to
340 422 19 19 its
368 422 63 19 possible
442 422 58 19 relation
513 423 33 19 with
558 423 51 19 Planck
619 423 39 19 scale
667 423 66 19 physics.
741 423 13 19 In
766 423 89 19 particular,
860 423 30 19 this
899 423 72 19 approach
982 423 26 19 has
1018 423 34 19 been

224 444 64 19 followed
296 444 13 19 in
319 444 6 19 a
335 444 84 19 symmetric
426 444 48 19 sector
482 444 16 19 of
503 444 31 19 loop
544 444 65 19 quantum
624 444 55 19 gravity
687 444 52 19 known
747 444 16 19 as
769 444 33 19 loop
813 444 64 19 quantum
893 444 90 19 cosmology.
990 444 37 19 Here
1035 444 19 19 we

226 465 57 20 explore
292 465 67 20 different
368 465 59 20 aspects
435 465 16 20 of
456 465 26 20 the
492 465 58 20 relation
562 465 65 20 between
636 465 26 20 the
672 465 67 20 ordinary
750 465 98 20 Schrödinger
854 465 51 20 theory
917 465 28 20 and
954 465 25 20 the
988 465 66 20 polymer

226 487 96 20 description.
334 488 28 20 The
372 488 45 20 paper
426 488 26 20 has
459 488 30 20 two
497 488 49 20 parts.
555 488 13 20 In
578 488 26 20 the
611 489 34 20 first
653 489 35 20 one,
696 489 17 20 we
722 488 49 20 derive
779 488 25 20 the
813 488 69 20 polymer
888 488 66 20 quantum
971 487 81 20 mechanics

224 508 63 20 starting
296 508 31 20 from
342 508 25 20 the
377 508 67 20 ordinary
455 508 97 20 Schrödinger
560 508 50 20 theory
622 508 27 20 and
658 508 35 20 show
707 508 34 20 that
750 508 26 20 the
785 508 65 20 polymer
860 508 88 20 description
959 508 42 20 arises
1011 508 16 20 as
1037 508 13 20 an

226 531 93 20 appropriate
328 531 46 20 limit.
385 531 14 20 In
410 531 25 20 the
443 531 53 20 second
506 531 34 20 part
552 531 17 20 we
578 531 68 20 consider
654 531 26 20 the
689 531 79 20 continuum
784 531 39 20 limit
832 531 15 20 of
853 531 30 20 this
892 530 60 20 theory,
958 530 66 20 namely,
1030 530 26 20 the

223 551 56 20 reverse
289 551 59 20 process
354 551 15 20 in
379 552 44 20 which
436 552 25 20 one
469 552 46 20 starts
523 552 31 20 from
569 552 25 20 the
603 552 62 20 discrete
672 553 52 20 theory
736 553 25 20 and
773 553 33 20 tries
815 553 13 20 to
841 553 56 20 recover
906 553 33 20 back
950 553 26 20 the
985 552 65 20 ordinary

226 576 95 19 Schrödinger
331 576 63 19 quantum
411 575 92 19 mechanics.
513 575 23 19 We
544 575 66 19 consider
618 575 57 19 several
682 575 74 19 examples
766 575 13 19 of
787 575 67 19 interest,
859 575 76 19 including
944 575 25 19 the
978 575 76 19 harmonic

226 597 80 19 oscillator,
311 597 26 19 the
345 597 28 19 free
383 598 62 19 particle
453 598 26 19 and
491 598 6 19 a
506 597 51 19 simple
565 597 104 19 cosmological
677 597 57 19 model.

225 640 40 19 PACS
277 640 70 19 numbers:
355 640 71 19 04.60.Pp,
434 640 70 19 04.60.Ds,
509 640 64 19 04.60.Nc
584 640 44 19 11.10.
629 640 25 19 Gh.

256 703 15 21 I.
294 702 173 22 INTRODUCTION

133 757 32 21 The
178 757 74 21 so-called
271 757 68 21 polymer
355 757 70 21 quantum
446 757 96 21 mechanics,
559 757 6 21 a
582 756 40 21 non-

110 780 62 21 regular
190 780 26 21 and
235 780 90 21 somewhat
347 780 58 21 exotic'
419 780 125 21 representation
564 781 14 21 of
592 781 27 21 the

111 804 84 21 canonical
207 804 115 21 commutation
336 804 77 21 relations
426 805 61 21 (CCR)
498 805 28 21 [1],
538 805 29 21 has
579 805 38 21 been

110 829 36 21 used
156 829 14 21 to
180 829 63 21 explore
251 829 39 21 both
301 829 123 21 mathematical
430 829 29 21 and
471 829 73 21 physical
547 829 51 21 issues
604 829 14 21 in

110 852 102 22 background
222 852 108 21 independent
338 852 71 21 theories
416 852 36 21 such
465 852 14 21 as
489 852 71 21 quantum
577 851 44 21 grav-

109 875 23 21 ity
140 876 23 21 [2,
168 876 24 21 3].
202 876 6 21 A
221 875 65 21 notable
293 875 74 21 example
374 875 16 21 of
396 875 31 21 this
435 875 38 21 type
481 875 16 21 of
503 874 116 22 quantization,

111 899 42 21 when
164 899 61 21 applied
236 899 15 21 to
260 899 135 21 minisuperspace
405 899 61 21 models
472 899 30 21 has
511 899 42 21 given
563 899 32 21 way
604 899 17 21 to

111 922 42 22 what
161 922 13 21 is
184 922 54 21 known
251 923 17 21 as
275 923 35 21 loop
324 923 69 21 quantum
411 923 91 21 cosmology
510 922 25 21 [4,
541 922 23 21 5].
577 922 19 21 As
604 922 15 21 in

112 947 27 21 any
152 947 25 21 toy
191 947 54 21 model
253 948 87 21 situation,
349 948 29 21 one
389 948 48 21 hopes
450 947 15 21 to
477 947 42 21 learn
532 946 51 22 about
593 946 28 21 the

110 971 52 21 subtle
172 972 83 21 technical
263 972 29 21 and
306 972 97 21 conceptual
411 971 49 21 issues
472 971 35 21 that
519 971 27 21 are
555 970 66 22 present

109 996 12 21 in
135 996 32 21 full
177 996 72 21 quantum
269 996 58 21 gravity
341 996 19 21 by
375 996 54 22 means
441 995 14 21 of
465 994 65 22 simple,
540 993 44 22 finite
598 993 24 22 di-

110 1018 92 21 mensional
208 1019 90 21 examples.
308 1019 35 21 This
351 1019 81 21 formalism
449 1019 13 21 is
469 1019 28 21 not
507 1019 16 21 an
536 1019 81 21 exception

110 1043 13 21 in
134 1043 32 21 this
176 1043 64 21 regard.
252 1043 49 21 Apart
310 1043 33 21 from
361 1043 30 21 this
403 1043 92 21 motivation
507 1043 61 21 coming
579 1043 33 21 from

111 1067 63 21 physics
184 1067 17 21 at
211 1066 27 21 the
250 1066 56 21 Planck
319 1066 50 21 scale,
377 1066 29 21 one
417 1066 27 21 can
456 1066 123 21 independently
592 1066 25 21 ask

110 1090 23 22 for
143 1090 26 22 the
179 1090 66 22 relation
257 1089 68 22 between
337 1089 28 22 the
376 1089 77 22 standard
464 1088 93 22 continuous
569 1088 53 22 repre-

110 1114 91 22 sentations
206 1115 30 21 and
243 1115 43 21 their
293 1115 73 21 polymer
372 1114 63 21 cousins
444 1114 15 21 at
465 1114 27 21 the
500 1113 42 22 level
546 1113 17 21 of
569 1112 53 22 math-

111 1139 76 22 ematical
192 1138 71 22 physics.
273 1138 8 21 A
292 1138 57 21 deeper
358 1138 127 22 understanding
492 1139 16 21 of
514 1139 31 22 this
554 1139 65 22 relation

111 1163 73 23 becomes
192 1162 91 22 important
292 1162 17 21 on
320 1162 20 21 its
350 1162 44 22 own.

135 1186 30 21 The
178 1186 71 21 polymer
264 1186 109 21 quantization
387 1186 13 21 is
411 1186 47 21 made
472 1186 15 21 of
497 1187 64 22 several
570 1187 53 22 steps.

113 1210 32 21 The
160 1210 36 21 first
215 1210 29 21 one
261 1210 12 21 is
292 1210 14 21 to
327 1210 42 21 build
389 1210 6 21 a
414 1210 127 21 representation
562 1210 14 21 of
593 1210 27 21 the

111 1234 151 21 Heisenberg-Weyl
271 1234 61 21 algebra
342 1234 17 21 on
369 1234 6 21 a
387 1234 110 21 Kinematical
503 1234 63 21 Hilbert
574 1234 48 21 space

109 1258 38 21 that
153 1258 13 21 is
173 1258 111 21 “background
293 1258 127 21 independent",
426 1258 29 21 and
463 1258 39 21 that
508 1258 12 21 is
526 1257 95 22 sometimes

109 1282 67 22 referred
189 1282 15 21 to
219 1282 15 21 as
246 1282 26 21 the
283 1282 87 21 polymeric
384 1282 61 22 Hilbert
455 1282 47 22 space
517 1281 56 22 Hpoly.
591 1281 30 22 The

109 1306 56 22 second
178 1306 30 21 and
218 1306 42 21 most
269 1306 90 21 important
368 1306 44 21 part,
420 1306 26 21 the
454 1305 138 22 implementation
606 1305 15 22 of

111 1330 92 21 dynamics,
209 1330 42 21 deals
261 1330 35 21 with
306 1330 27 21 the
343 1330 81 21 definition
437 1330 15 21 of
460 1330 6 21 a
477 1330 108 21 Hamiltonian
595 1330 27 21 (or

111 1353 108 23 Hamiltonian
229 1354 99 22 constraint)
337 1355 19 21 on
366 1355 32 21 this
408 1355 57 21 space.
475 1355 15 21 In
502 1354 27 21 the
539 1353 80 22 examples

658 702 62 23 studied
732 702 15 22 so
760 702 34 22 far,
801 701 29 22 the
841 701 35 22 first
888 701 35 22 part
935 701 12 22 is
958 701 46 22 fairly
1017 701 35 22 well
1063 701 107 23 understood,

658 727 68 21 yielding
733 727 28 21 the
768 727 106 21 kinematical
880 727 61 21 Hilbert
947 726 49 21 space
1002 726 47 21 Hpoly
1057 726 36 21 that
1099 726 21 21 is,
1126 725 42 22 how-

658 751 43 21 ever,
708 750 134 21 non-separable.
853 750 28 21 For
891 750 26 21 the
928 750 57 21 second
997 750 42 21 step,
1048 750 6 21 a
1066 750 68 21 natural
1139 750 32 21 im-

658 774 114 21 plementation
782 774 17 21 of
802 774 29 21 the
839 773 80 21 dynamics
928 773 29 21 has
962 773 57 21 proved
1028 773 14 21 to
1052 773 20 21 be
1079 773 8 21 a
1094 773 24 21 bit
1124 772 44 21 more

658 797 74 22 difficult,
738 797 45 21 given
792 797 35 21 that
836 797 6 21 a
852 797 49 21 direct
909 797 81 21 definition
1000 797 17 21 of
1022 797 27 21 the
1059 797 106 22 Hamiltonian

663 821 6 21 H
685 821 22 21 of,
714 821 33 21 say,
753 821 6 21 a
771 821 67 21 particle
845 821 17 21 on
875 821 6 21 a
891 821 80 21 potential
980 821 17 21 on
1007 821 26 21 the
1043 821 47 21 space
1101 821 44 21 Hpoly
1154 821 13 21 is

658 845 26 21 not
695 845 69 21 possible
774 845 41 21 since
825 845 29 21 one
864 844 16 21 of
885 844 29 21 the
924 844 40 21 main
974 844 71 21 features
1054 844 15 21 of
1077 844 31 21 this
1116 844 55 21 repre-

658 869 77 21 sentation
748 869 13 21 is
771 869 37 21 that
818 869 28 21 the
855 869 85 21 operators
950 869 6 21 q
968 869 30 21 and
1009 869 6 21 p
1031 869 57 21 cannot
1098 869 20 21 be
1129 869 37 21 both

658 894 131 21 simultaneously
802 895 60 21 defined
876 895 37 21 (nor
923 894 41 21 their
977 894 84 21 analogues
1071 893 16 21 in
1098 892 71 22 theories

658 918 79 21 involving
749 919 41 21 more
799 919 84 21 elaborate
893 919 93 21 variables).
997 918 50 21 Thus,
1054 918 29 21 any
1094 917 75 21 operator

659 941 34 21 that
703 941 70 21 involves
781 941 69 21 (powers
859 941 25 21 of)
891 941 28 21 the
928 941 29 21 not
967 941 60 21 defined
1039 941 68 21 variable
1115 941 29 21 has
1151 941 17 21 to

659 964 18 21 be
687 964 81 21 regulated
780 964 17 21 by
810 964 6 21 a
828 964 36 21 well
873 964 60 21 defined
944 964 75 21 operator
1030 964 46 21 which
1091 964 74 21 normally

659 988 68 21 involves
734 988 102 21 introducing
844 988 44 21 some
896 988 44 21 extra
948 988 80 21 structure
1037 988 16 21 on
1064 988 26 21 the
1099 988 71 21 configu-

658 1011 49 21 ration
717 1011 25 21 (or
752 1011 108 21 momentum)
867 1011 55 21 space,
929 1011 60 21 namely
1000 1011 6 21 a
1016 1011 64 21 lattice.
1088 1012 83 22 However,

658 1036 30 21 this
698 1036 29 21 new
741 1036 82 21 structure
831 1035 37 21 that
877 1035 43 21 plays
930 1035 27 21 the
967 1035 30 21 role
1007 1035 17 21 of
1032 1035 6 21 a
1048 1035 82 21 regulator
1139 1036 25 21 can

658 1060 29 21 not
697 1060 18 21 be
728 1060 71 21 removed
813 1061 43 21 when
870 1061 67 21 working
950 1061 12 21 in
978 1061 45 21 Hpoly
1035 1061 29 21 and
1077 1061 29 21 one
1116 1061 13 21 is
1141 1061 26 21 left

660 1085 33 21 with
703 1085 29 21 the
741 1085 87 21 ambiguity
838 1085 35 21 that
881 1085 13 21 is
904 1085 62 21 present
975 1085 13 21 in
1002 1085 27 21 any
1038 1085 132 21 regularization.

661 1109 31 21 The
699 1108 63 21 freedom
779 1108 13 21 in
806 1108 74 21 choosing
887 1108 13 21 it
912 1108 25 21 can
948 1108 19 21 be
978 1108 91 21 sometimes
1079 1108 86 21 associated

660 1131 33 21 with
707 1131 8 21 a
726 1131 54 21 length
793 1131 41 21 scale
846 1131 34 21 (the
890 1131 56 21 lattice
957 1131 83 21 spacing).
1055 1131 28 21 For
1095 1131 72 21 ordinary

659 1156 70 21 quantum
747 1155 70 21 systems
825 1155 38 21 such
875 1155 17 21 as
904 1155 8 21 a
921 1155 57 21 simple
988 1155 83 21 harmonic
1082 1156 88 22 oscillator,

658 1179 36 22 that
704 1179 29 22 has
743 1179 38 22 been
791 1179 63 22 studied
866 1179 15 22 in
892 1179 52 22 detail
950 1179 34 22 from
1001 1179 27 22 the
1039 1179 73 22 polymer
1122 1179 47 22 view-

659 1203 52 22 point,
717 1203 12 21 it
735 1203 30 22 has
773 1202 38 22 been
821 1202 57 22 argued
887 1202 38 21 that
930 1202 13 21 if
949 1202 31 21 this
989 1202 50 22 length
1050 1203 42 22 scale
1099 1203 13 21 is
1118 1203 46 22 taken

659 1228 15 21 to
683 1228 19 21 be
708 1227 100 22 ‘sufficiently
816 1227 61 21 small',
883 1227 29 21 one
921 1227 25 21 can
958 1227 88 22 arbitrarily
1056 1227 111 23 approximate

658 1251 76 22 standard
745 1251 107 21 Schrödinger
861 1251 69 21 quantum
951 1251 90 22 mechanics
1048 1252 23 21 [2,
1080 1252 23 21 3].
1115 1252 13 21 In
1141 1253 27 21 the

658 1275 36 21 case
701 1275 17 21 of
724 1275 36 21 loop
773 1275 70 21 quantum
859 1275 98 21 cosmology,
964 1275 27 21 the
1001 1275 74 21 minimum
1095 1275 33 21 area
1138 1275 27 21 gap

663 1299 16 21 Ao
694 1299 15 21 of
719 1299 27 21 the
756 1298 30 21 full
797 1298 71 22 quantum
886 1298 61 21 gravity
960 1298 54 21 theory
1027 1298 70 21 imposes
1110 1298 35 21 such
1159 1298 7 21 a

658 1322 49 22 scale,
714 1322 37 22 that
758 1322 13 22 is
780 1322 36 22 then
827 1322 47 22 taken
882 1322 18 22 to
909 1322 20 22 be
937 1322 113 22 fundamental
1056 1322 32 22 [4].

682 1368 6 21 A
705 1368 66 21 natural
778 1368 72 21 question
861 1368 15 21 is
886 1368 16 21 to
913 1368 26 21 ask
952 1368 42 21 what
1007 1368 72 21 happens
1091 1368 42 21 when
1146 1368 22 21 we

658 1392 60 21 change
725 1392 32 21 this
765 1392 42 21 scale
815 1392 30 21 and
855 1392 17 21 go
882 1392 15 21 to
907 1392 36 21 even
953 1392 64 21 smaller
1032 1392 92 21 distances',
1131 1392 36 21 that

658 1415 19 21 is,
688 1415 42 21 when
742 1415 21 21 we
773 1415 47 21 refine
831 1415 27 21 the
866 1415 57 21 lattice
933 1415 17 21 on
964 1415 46 21 which
1023 1415 27 21 the
1062 1415 82 21 dynamics
1154 1415 16 21 of

658 1439 28 21 the
696 1439 57 21 theory
764 1439 13 21 is
790 1439 70 21 defined.
881 1439 28 21 Can
924 1439 21 21 we
958 1439 48 21 define
1021 1439 96 21 consistency
1131 1439 39 21 con-

661 1462 58 22 ditions
730 1463 68 22 between
812 1463 45 22 these
869 1463 60 21 scales?
951 1463 19 21 Or
983 1463 37 22 even
1034 1463 62 22 better,
1106 1462 26 22 can
1146 1462 24 22 we

658 1485 37 22 take
705 1486 26 22 the
742 1486 43 22 limit
795 1486 32 22 and
837 1487 32 22 find
881 1487 37 22 thus
930 1487 7 22 a
950 1486 86 22 continuum
1055 1486 50 22 limit?
1126 1485 21 22 As
1156 1485 14 22 it

112 1449 84 17 *Electronic
203 1450 62 17 address:
274 1450 128 17 corichiOmatmor.
404 1451 68 16 unam.mx

112 1470 82 17 †Electronic
204 1470 60 17 address:
271 1471 96 17 tatjanaOshi.
369 1471 65 17 matmor.
433 1472 68 17 unam.mx

110 1489 85 18 †Electronic
204 1490 61 17 address:
273 1491 129 18 zapata@matmor.
403 1492 69 17 unam.mx
