1275 1650
261 145 148 30 Numerical
420 145 110 30 solution
549 146 24 29 of
586 146 74 30 shock
680 146 45 30 and
744 146 71 30 ramp
836 147 168 30 compression

407 202 39 30 for
461 202 105 30 general
576 202 122 30 material
710 201 145 30 properties

536 273 77 27 Damian
636 273 22 27 C.
670 273 62 27 Swift*

401 318 94 27 Materials
509 319 77 27 Science
600 319 36 27 and
653 319 111 27 Technology
780 320 96 27 Division,

408 364 94 28 Lawrence
519 364 105 28 Livermore
639 365 91 28 National
744 365 119 28 Laboratory,

361 407 56 30 7000,
427 408 47 30 East
489 408 84 30 Avenue,
583 409 116 30 Livermore,
716 409 24 29 CA
759 409 69 30 94550,
842 408 71 30 U.S.A.

226 456 79 28 (Dated:
316 456 54 28 March
384 456 19 28 7,
410 456 53 28 2007;
468 456 65 28 revised
550 456 49 28 April
603 456 22 28 8,
631 456 40 28 2008
682 456 35 28 and
728 456 38 28 July
780 456 17 28 1,
804 456 42 28 2008
859 456 8 28 -
877 456 162 28 LA-UR-07-2051)

583 509 105 29 Abstract

174 557 8 25 A
195 557 71 25 general
273 557 113 25 formulation
399 557 35 25 was
442 557 94 26 developed
548 557 17 25 to
577 557 91 26 represent
677 556 84 26 material
769 556 66 26 models
844 556 29 26 for
881 556 118 26 applications
1007 556 17 25 in
1036 555 84 26 dynamic

146 602 81 25 loading.
237 602 100 25 Numerical
342 603 83 25 methods
432 603 43 25 were
481 603 70 25 devised
558 603 20 25 to
585 603 86 25 calculate
677 602 84 25 response
765 602 17 25 to
792 602 52 25 shock
853 602 33 25 and
894 601 48 25 ramp
952 601 127 26 compression,
1083 600 33 25 and

146 647 49 25 ramp
210 647 149 25 decompression,
365 647 114 25 generalizing
492 647 80 25 previous
580 647 88 25 solutions
676 647 26 25 for
712 647 57 25 scalar
780 647 90 25 equations
882 647 19 25 of
907 647 58 25 state.
977 647 38 25 The
1023 647 96 25 numerical

150 691 80 26 methods
242 691 41 26 were
292 691 55 26 found
359 691 20 26 to
391 691 21 26 be
421 691 70 26 flexible
501 691 33 26 and
547 691 73 26 robust,
627 691 33 26 and
674 691 80 26 matched
766 691 77 26 analytic
853 691 65 26 results
927 691 20 26 to
959 691 8 26 a
977 691 38 26 high
1031 690 88 26 accuracy.

151 737 33 26 The
196 737 49 26 basic
258 737 46 26 ramp
321 737 31 26 and
367 737 51 26 shock
434 737 74 26 solution
525 737 83 26 methods
619 737 44 26 were
676 737 71 26 coupled
762 737 16 26 to
792 737 48 26 solve
852 737 26 26 for
891 737 96 26 composite
1001 737 116 26 deformation

147 782 62 27 paths,
220 782 40 27 such
274 782 20 26 as
306 782 138 27 shock-induced
456 783 86 26 impacts,
552 782 33 26 and
598 782 54 26 shock
665 782 114 27 interactions
792 782 40 27 with
849 782 8 26 a
871 782 62 27 planar
943 781 86 27 interface
1041 781 75 27 between

149 828 77 27 different
239 828 99 27 materials.
350 829 55 27 These
416 829 114 26 calculations
543 829 70 26 capture
625 829 47 27 much
688 829 15 26 of
711 828 30 27 the
755 828 67 27 physics
833 828 18 27 of
858 828 70 27 typical
936 827 84 27 material
1027 827 91 27 dynamics

149 873 126 26 experiments,
280 873 77 26 without
364 873 87 26 requiring
459 873 177 26 spatially-resolving
644 873 123 26 simulations.
775 873 84 26 Example
869 872 115 26 calculations
991 872 42 26 were
1044 872 51 26 made
1102 872 19 26 of

148 919 68 25 loading
227 919 80 25 histories
318 919 15 25 in
346 919 71 25 metals,
422 919 107 25 illustrating
541 919 30 25 the
581 918 60 25 effects
650 918 17 25 of
677 918 63 25 plastic
750 918 41 25 work
805 918 20 25 on
837 918 30 25 the
877 918 131 25 temperatures
1014 918 76 25 induced
1100 918 17 25 in

148 965 151 24 quasi-isentropic
310 965 33 24 and
354 965 125 24 shock-release
490 965 127 24 experiments,
624 965 33 24 and
668 965 30 24 the
707 965 48 24 effect
767 965 18 24 of
792 965 9 24 a
813 965 51 24 phase
873 965 106 24 transition.

148 1031 48 24 PACS
207 1031 85 24 numbers:
301 1032 53 24 62.50.
356 1032 9 24 +
371 1032 18 24 p,
394 1032 80 24 47.40.-x,
477 1032 80 24 62.20.-x,
564 1032 51 24 46.35.
617 1032 21 24 †z

150 1078 94 21 Keywords:
251 1078 76 21 material
335 1078 90 21 dynamics,
430 1078 58 21 shock,
494 1078 90 21 isentrope,
592 1078 74 21 adiabat,
671 1078 87 21 numerical
767 1078 78 21 solution,
852 1078 104 21 constitutive
964 1078 78 21 behavior

148 1510 99 23 *Electronic
256 1510 74 23 address:
338 1510 115 23 damian.swift
458 1511 109 24 @physics.org
